@misc{cppreference,
  title = {C++ Reference},
  howpublished = {\url{https://en.cppreference.com/w/cpp/17}},
  note = {(дата обр. 2023-11-23)}
}

@book{pratac++,
  title = {C++ Primer Plus},
  author = {Stephen Prata},
  edition = {6},
  year = {2011},
  publisher = {Addison-Wesley Professional}
}

@misc{eigen,
  title = {Eigen documentation},
  howpublished = {\url{https://eigen.tuxfamily.org/index.php?title=Main_Page#Documentation}},
  note = {(дата обр. 2023-12-18)}
}

@misc{git,
  title = {Git Documentation},
  howpublished = {\url{https://git-scm.com/doc}},
  note = {(дата обр. 2023-11-06)}
}

@misc{nnndl,
  title = {Neural Networks and Deep Learning},
  author = {Michael Nielsen},
  howpublished = {\url{http://neuralnetworksanddeeplearning.com/index.html}},
  note = {(дата обр. 2024-01-20)}
}

@inproceedings{adam,
  title = {Adam: A Method for Stochastic Optimization},
  author = {Diederik P. Kingma and Jimmy Ba},
  journal = {arXiv preprint arXiv:1412.6980},
  year = {2017}
}

@inproceedings{stochastic,
  title = {Minimizing Finite Sums with the Stochastic Average Gradient},
  author = {Nicolas Le Roux Mark Schmidt and Francis Bach},
  journal = {arXiv preprint arXiv:1309.2388},
  year = {2016}
}

@misc{3blue1brown_nn,
  title = {Neural Networks},
  author = {3Blue1Brown},
  howpublished = {\url{https://www.3blue1brown.com/topics/neural-networks}},
  note = {(дата обр. 2023-12-01)}
}

@misc{ml_sokolov,
    title = {Курс "Машинное обучение" на ФКН ВШЭ},
    author = {Е. А. Соколов},
    howpublished = {\url{https://github.com/esokolov/ml-course-hse/tree/master?tab=readme-ov-file}},
    note = {(дата обр. 2024-01-10)}
}

@book{math_ml,
  title = {Математические основы теории машинного обучения и прогнозирования},
  author = {Вьюгин В.В.},
  year = {2013},
  publisher = {МЦНМО}
}

@inproceedings{optimization_algorithms,
  title = {An overview of gradient descent optimization algorithms},
  author = {Sebastian Ruder},
  journal = {arXiv preprint arXiv:1609.04747},
  year = {2016}
}